@inproceedings{1,
  title={Searching in one billion vectors: re-rank with source coding},
  author={J{\'e}gou, Herv{\'e} and Tavenard, Romain and Douze, Matthijs and Amsaleg, Laurent},
  booktitle={2011 IEEE International Conference on Acoustics, Speech and Signal Processing (ICASSP)},
  pages={861--864},
  year={2011},
  organization={IEEE}
}
@article{2,
  title={Product quantization for nearest neighbor search},
  author={Jegou, Herve and Douze, Matthijs and Schmid, Cordelia},
  journal={IEEE transactions on pattern analysis and machine intelligence},
  volume={33},
  number={1},
  pages={117--128},
  year={2010},
  publisher={IEEE}
}
@article{3,
  title={The inverted multi-index},
  author={Babenko, Artem and Lempitsky, Victor},
  journal={IEEE transactions on pattern analysis and machine intelligence},
  volume={37},
  number={6},
  pages={1247--1260},
  year={2014},
  publisher={IEEE}
}
@article{4,
  title={Optimized product quantization},
  author={Ge, Tiezheng and He, Kaiming and Ke, Qifa and Sun, Jian},
  journal={IEEE transactions on pattern analysis and machine intelligence},
  volume={36},
  number={4},
  pages={744--755},
  year={2013},
  publisher={IEEE}
}
@inproceedings{5,
  title={Locally optimized product quantization for approximate nearest neighbor search},
  author={Kalantidis, Yannis and Avrithis, Yannis},
  booktitle={Proceedings of the IEEE Conference on Computer Vision and Pattern Recognition},
  pages={2321--2328},
  year={2014}
}
@inproceedings{6,
  title={Efficient indexing of billion-scale datasets of deep descriptors},
  author={Babenko, Artem and Lempitsky, Victor},
  booktitle={Proceedings of the IEEE Conference on Computer Vision and Pattern Recognition},
  pages={2055--2063},
  year={2016}
}
@inproceedings{7,
  title={Revisiting the inverted indices for billion-scale approximate nearest neighbors},
  author={Baranchuk, Dmitry and Babenko, Artem and Malkov, Yury},
  booktitle={Proceedings of the European Conference on Computer Vision (ECCV)},
  pages={202--216},
  year={2018}
}
@article{8,
  title={Face search at scale},
  author={Wang, Dayong and Otto, Charles and Jain, Anil K},
  journal={IEEE transactions on pattern analysis and machine intelligence},
  volume={39},
  number={6},
  pages={1122--1136},
  year={2016},
  publisher={IEEE}
}
@inproceedings{9,
  title={Modeling LSH for performance tuning},
  author={Dong, Wei and Wang, Zhe and Josephson, William and Charikar, Moses and Li, Kai},
  booktitle={Proceedings of the 17th ACM conference on Information and knowledge management},
  pages={669--678},
  year={2008}
}
@article{10,
  title={Learning face representation from scratch},
  author={Yi, Dong and Lei, Zhen and Liao, Shengcai and Li, Stan Z},
  journal={arXiv preprint arXiv:1411.7923},
  year={2014}
}
@inproceedings{11,
  title={Scalable recognition with a vocabulary tree},
  author={Nister, David and Stewenius, Henrik},
  booktitle={2006 IEEE Computer Society Conference on Computer Vision and Pattern Recognition (CVPR'06)},
  volume={2},
  pages={2161--2168},
  year={2006},
  organization={Ieee}
}
@inproceedings{12,
  title={A quantitative analysis and performance study for similarity-search methods in high-dimensional spaces},
  author={Weber, Roger and Schek, Hans-J{\"o}rg and Blott, Stephen},
  booktitle={VLDB},
  volume={98},
  pages={194--205},
  year={1998}
}